@book{Nocedal_Wright_2006,
    author                  = {Nocedal, J. and Wright, S. J.},
    title                   = {Numerical Optimization},
    edition                 = {Second},
    series                  = {Springer Series in Operations Research and Financial Engineering},
    publisher               = {Springer},
    address                 = {New York, NY, USA},
    year                    = 2006,
}

@incollection{Powell_1994,
    author                  = {Powell, M. J. D.},
    title                   = {A direct search optimization method that models the objective and constraint functions by linear interpolation},
    booktitle               = {Advances in Optimization and Numerical Analysis},
    editor                  = {Gomez, S. and Hennart, J. P.},
    series                  = {Mathematics and Its Applications},
    volume                  = 275,
    publisher               = {Springer},
    address                 = {Dordrecht, The Netherlands},
    pages                   = {51--67},
    year                    = 1994,
}

@techreport{Powell_2009,
    author                  = {Powell, M. J. D.},
    title                   = {The {BOBYQA} algorithm for bound constrained optimization without derivatives},
    institution             = {Department of Applied Mathematics and Theoretical Physics, University of Cambridge},
    address                 = {Cambridge, UK},
    number                  = {DAMTP 2009/NA06},
    year                    = 2009,
}

@phdthesis{Ragonneau_2022,
    author                  = {Ragonneau, T. M.},
    title                   = {Model-Based Derivative-Free Optimization Methods and Software},
    school                  = {Department of Applied Mathematics, The Hong Kong Polytechnic University},
    address                 = {Hong Kong, China},
    year                    = 2022,
}
