@book{Conn_Gould_Toint_2009,
    author          = "A. R. Conn and N. I. M. Gould and Ph. L. Toint",
    title           = "Trust-Region Methods",
    publisher       = pub-SIAM,
    address         = pub-SIAM:adr,
    series          = s-MPSO,
    edition         = "",
    year            = 2009
}

@article{Goldfarb_Idnani_1983,
    author          = "D. Goldfarb and A. Idnani",
    title           = "A numerically stable dual method for solving
                       strictly convex quadratic programs",
    journal         = j-MP,
    volume          = 27,
    _number         = 1,
    pages           = "1--33",
    year            = 1983
}

@book{Lawson_Hanson_1987,
    author          = "C. L. Lawson and R. J. Hanson",
    title           = "Solving Least Squares Problems",
    publisher       = pub-SIAM,
    address         = pub-SIAM:adr,
    series          = s-CAP,
    edition         = "",
    year            = 1974
}

@incollection{Powell_1994,
    author          = "M. J. D. Powell",
    title           = "A direct search optimization method that models
                       the objective and constraint functions by linear
                       interpolation",
    booktitle       = "Advances in Optimization and Numerical
                       Analysis",
    editor          = "S. Gomez and J. P. Hennart",
    publisher       = pub-Springer,
    address         = pub-Springer:adr-D,
    pages           = "51--67",
    year            = 1994
}

@article{Powell_2004a,
    author          = "M. J. D. Powell",
    title           = "Least Frobenius norm updating of quadratic
                       models that satisfy interpolation conditions",
    journal         = j-MP,
    volume          = 100,
    _number         = 1,
    pages           = "183-215",
    year            = 2004
}

@incollection{Powell_2004b,
    author          = "M. J. D. Powell",
    title           = "On updating the inverse of a {KKT} matrix",
    booktitle       = "Numerical Linear Algebra and Optimization",
    editor          = "Y. Yuan",
    publisher       = pub-SP,
    address         = pub-SP:adr,
    pages           = "56--78",
    year            = 2004
}

@incollection{Powell_2006,
    author          = "M. J. D. Powell",
    title           = "The {NEWUOA} software for unconstrained
                       optimization without derivatives",
    booktitle       = "Large-Scale Nonlinear Optimization",
    editor          = "G. Di Pillo and M. Roma",
    publisher       = pub-Springer,
    address         = pub-Springer:adr-NY,
    pages           = "255--297",
    year            = 2006
}

@techreport{Powell_2009,
    author          = "M. J. D. Powell",
    title           = "The {BOBYQA} algorithm for bound constrained
                       optimization without derivatives",
    number          = "DAMTP 2009/NA06",
    institution     = inst-DAMTP,
    address         = inst-DAMTP:adr,
    year            = 2009
}

@article{Powell_2015,
    author          = "M. J. D. Powell",
    title           = "On fast trust region methods for quadratic
                       models with linear constraints",
    journal         = j-MPC,
    volume          = 7,
    _number         = 3,
    pages           = "237--267",
    year            = 2015
}