%%% ===================================================================
%%% BibTeX-file{
%%%     author      = "Tom M. Ragonneau",
%%%     version     = "1.0.0",
%%%     date        = "October 21, 2021",
%%%     filename    = "cobyqa-strings.bib",
%%%     address     = "Department of Applied Mathematics
%%%                    The Hong Kong Polytechnic University
%%%                    Hung Hom, Kowloon, Hong Kong",
%%%     telephone   = "(+852) 6995 7651",
%%%     FAX         = "",
%%%     checksum    = "",
%%%     email       = "tom.ragonneau [at] connect.polyu.hk",
%%%     codetable   = "ISO/ASCII",
%%%     keywords    = "strings, LaTeX, BibTex, T. M. Ragonneau",
%%%     supported   = "yes",
%%%     docstring   = "String definition for BibTex"
%%% }
%%% ===================================================================
%%% This file is adapted from the BibTex bibliography for papers,
%%% books, e-prints, articles, etc. of Nicholas J. Higham, available at
%%%
%%%    https://github.com/higham/njhigham-bib
%%%    (or http://www.maths.manchester.ac.uk/~higham/papers).

@preamble{"\def\noopsort#1{}"}

%% ====================================================================
% Journal abbreviations
% Note: adapted from https://mathscinet.ams.org/msnhtml/serials.pdf.

@string{j-IMA-JNA           = "IMA J. Numer. Anal."}

@string{j-JOTA              = "J. Optim. Theory Appl."}

@string{j-MP                = "Math. Program."}
@string{j-MPC               = "Math. Program. Comput."}

%% ====================================================================
% Series abbreviations

@string{s-CAP               = "Classics Appl. Math."}

@string{s-MPSO              = "MPS-SIAM Ser. Optim."}

@string{s-SORFE             = "Springer Ser. Oper. Res. Financ. Eng."}

%% ====================================================================
% Departments/Institutions and their addresses

@string{inst-DAMTP          = "Department of Applied Mathematics and Theoretical Physics, University of Cambridge"}
@string{inst-DAMTP:adr      = "Cambridge, UK"}

@string{inst-HBS            = "Harvard Business School"}
@string{inst-HBS:adr        = "Boston, MA, US"}

%% ====================================================================
% Publishers and their addresses

@string{pub-AP              = "Academic Press"}
@string{pub-AP:adr          = "London, UK"}

@string{pub-SIAM            = "SIAM"}
@string{pub-SIAM:adr        = "Philadelphia, PA, US"}

@string{pub-SP              = "Science Press"}
@string{pub-SP:adr          = "Beijing, CN"}

@string{pub-Springer        = "Springer"}
@string{pub-Springer:adr-BH = "Berlin, Heidelberg, DE"}
@string{pub-Springer:adr-D  = "Dordrecht, NL"}
@string{pub-Springer:adr-NY = "New York, NY, US"}
