@book{Conn_Gould_Toint_2009,
    author          = "A. R. Conn and N. I. M. Gould and Ph. L. Toint",
    title           = "Trust-Region Methods",
    publisher       = pub-SIAM,
    address         = pub-SIAM:adr,
    series          = s-MPSO,
    edition         = "",
    year            = 2009,
}

@article{Goldfarb_Idnani_1983,
    author          = "D. Goldfarb and A. Idnani",
    title           = "A numerically stable dual method for solving strictly convex quadratic programs",
    journal         = j-MP,
    volume          = 27,
    number          = 1,
    pages           = "1--33",
    year            = 1983,
}

@article{Han_1976,
    author          = "S. P. Han",
    title           = "Superlinearly convergent variable metric algorithms for general nonlinear programming problems",
    journal         = j-MP,
    volume          = 11,
    number          = 1,
    pages           = "263--282",
    year            = 1976,
}

@article{Han_1977,
    author          = "S. P. Han",
    title           = "A globally convergent method for nonlinear programming",
    journal         = j-JOTA,
    volume          = 22,
    number          = 3,
    pages           = "297--309",
    year            = 1977,
}

@book{Lawson_Hanson_1974,
    author          = "C. L. Lawson and R. J. Hanson",
    title           = "Solving Least Squares Problems",
    publisher       = pub-SIAM,
    address         = pub-SIAM:adr,
    series          = s-CAP,
    edition         = "",
    year            = 1974,
}

@book{Nocedal_Wright_2006,
    author          = "J. Nocedal and S. J. Wright",
    title           = "Numerical Optimization",
    publisher       = pub-Springer,
    address         = pub-Springer:adr-NY,
    series          = s-SORFE,
    edition         = "Second",
    year            = 2006,
}

@inproceedings{Powell_1975,
    author          = "M. J. D. Powell",
    title           = "Convergence properties of a class of minimization algorithms",
    booktitle       = "Nonlinear Programming",
    volume          = 2,
    editor          = "O. L. Mangasarian and R. R. Meyer and S. M. Robinson",
    publisher       = pub-AP,
    address         = pub-AP:adr,
    pages           = "1--27",
    year            = 1975,
}

@inproceedings{Powell_1978a,
    author          = "M. J. D. Powell",
    title           = "A fast algorithm for nonlinearly constrained optimization calculations",
    booktitle       = "Numerical Analysis",
    editor          = "G. A. Watson",
    publisher       = pub-Springer,
    address         = pub-Springer:adr-BH,
    series          = "",
    volume          = "",
    pages           = "144--157",
    year            = 1978,
}

@article{Powell_1978b,
    author          = "M. J. D. Powell",
    title           = "Algorithms for nonlinear constraints that use Lagrangian functions",
    journal         = j-MP,
    volume          = 14,
    number          = 1,
    pages           = "224--248",
    year            = 1978,
}

@incollection{Powell_1994,
    author          = "M. J. D. Powell",
    title           = "A direct search optimization method that models the objective and constraint functions by linear interpolation",
    booktitle       = "Advances in Optimization and Numerical Analysis",
    editor          = "S. Gomez and J. P. Hennart",
    publisher       = pub-Springer,
    address         = pub-Springer:adr-D,
    pages           = "51--67",
    year            = 1994,
}

@article{Powell_2004a,
    author          = "M. J. D. Powell",
    title           = "Least Frobenius norm updating of quadratic models that satisfy interpolation conditions",
    journal         = j-MP,
    volume          = 100,
    number          = 1,
    pages           = "183-215",
    year            = 2004,
}

@incollection{Powell_2004b,
    author          = "M. J. D. Powell",
    title           = "On updating the inverse of a {KKT} matrix",
    booktitle       = "Numerical Linear Algebra and Optimization",
    editor          = "Y. Yuan",
    publisher       = pub-SP,
    address         = pub-SP:adr,
    pages           = "56--78",
    year            = 2004,
}

@incollection{Powell_2006,
    author          = "M. J. D. Powell",
    title           = "The {NEWUOA} software for unconstrained optimization without derivatives",
    booktitle       = "Large-Scale Nonlinear Optimization",
    editor          = "G. Di Pillo and M. Roma",
    publisher       = pub-Springer,
    address         = pub-Springer:adr-NY,
    pages           = "255--297",
    year            = 2006,
}

@techreport{Powell_2009,
    author          = "M. J. D. Powell",
    title           = "The {BOBYQA} algorithm for bound constrained optimization without derivatives",
    number          = "DAMTP 2009/NA06",
    institution     = inst-DAMTP,
    address         = inst-DAMTP:adr,
    year            = 2009,
}

@article{Powell_2015,
    author          = "M. J. D. Powell",
    title           = "On fast trust region methods for quadratic models with linear constraints",
    journal         = j-MPC,
    volume          = 7,
    number          = 3,
    pages           = "237--267",
    year            = 2015,
}

@article{Steihaug_1983,
    author          = "T. Steihaug",
    title           = "The conjugate gradient method and trust regions in large scale optimization",
    journal         = j-IMA-JNA,
    volume          = 20,
    number          = 3,
    pages           = "626--637",
    year            = 1983,
}

@incollection{Toint_1981,
    author          = "Ph. L. Toint",
    title           = "Towards an efficient sparsity exploiting {Newton} method for minimization",
    booktitle       = "Sparse Matrices and Their Uses",
    editor          = "I. S. Duff",
    publisher       = pub-AP,
    address         = pub-AP:adr,
    pages           = "57--88",
    year            = 1981,
}

@phdthesis{Wilson_1963,
    author          = "R. B. Wilson",
    title           = "A Simplicial Algorithm for Concave Programming",
    school          = inst-HBS,
    address         = inst-HBS:adr,
    year            = 1963,
}
